@inbook{
	Cormen,
	author="Кормен Т. Лейзерсон Ч. Ривест Р. Штайн К.",
	title="Алгоритмы: построение и анализ",
	publisher="Вильямс",
	pages="198--219",
	language="russian",
	year=2019
}



@misc{python,
	title="Язык программирования Python ",
	howpublished="Режим доступа: \url{http://www.python.org} (дата обращения: 01.10.2020)"
}


@misc{vscode,
	title="Редактор кода VS Code",
	howpublished="Режим доступа: \url{https://code.visualstudio.com/} (дата обращения: 01.10.2020)"
}


@misc{computer,
	title="Технические характеристики ноутбука HP ProBook 450 G5 PC",
	howpublished="Режим доступа: \url{https://support.hp.com/ru-ru/document/c05739572} (дата обращения: 01.10.2020)"
}



